@misc{loops,
      author = {Erickson Lopes},
      title = {Loops e Estruturas de Repetição},
      year = {2021},
      howpublished = { \url{https://pythonacademy.com.br/blog/estruturas-de-repeticao}},
      note = "Acessado em 03/12/2021",
}

@misc{recursao,
    author = {Panda IME USP},
    title = {Recursão - {C}omo pensar como um {C}ientista da {C}omputação: {E}dição {I}nterativa em \textit{{P}ython}},
    year = {2020},
    howpublished = {\url{https://panda.ime.usp.br/pensepy/static/pensepy/12-Recursao/recursionsimple-ptbr.html}},
    note = "Acessado em 03/12/2021",
}

@misc{oscar,
    author = {G1 - {G}lobo.com},
    title = {{O}scar 2019: veja os ganhadores},
    year = {2019},
    howpublished = {\url{https://g1.globo.com/pop-arte/cinema/oscar/2019/noticia/2019/02/24/oscar-2019-veja-os-ganhadores.ghtml}},
    note = "Acessado em 03/12/2021",
}

@misc{ifm,
    author = {Centro de Informática - UFPE},
    title = {Interfaces Usuários-Máquina - CinWiki},
    year = {2020},
    howpublished = {\url{https://cin.ufpe.br/~pet/wiki/Interfaces_Usu%C3%A1rio-M%C3%A1quina}},
    note = "Acessado em 03/12/2021",
}

@image{codes,
    note = "Todas as imagens referentes aos códigos do tópico 'Conteúdos' foram desenvolvidas pelo autor, com o uso do Visual Studio Code e a extensão 'CodeSnap' para gerar as imagens"
}